<?xml version="1.0" encoding="UTF-8"?><collection xmlns="http://www.loc.gov/MARC21/slim"><record><leader>00557nam--2200193-i-4500</leader><controlfield tag="001">000012048</controlfield><controlfield tag="002">20161230</controlfield><controlfield tag="005">20161230201029</controlfield><controlfield tag="008">060222s1000------------r-----000-0-fre-d</controlfield><datafield ind1=" " ind2=" " tag="040"><subfield code="a">IFIN-HH</subfield></datafield><datafield ind1=" " ind2=" " tag="041"><subfield code="a">fre</subfield></datafield><datafield ind1=" " ind2=" " tag="080"><subfield code="a">54.02(061.3)</subfield></datafield><datafield ind1="1" ind2=" " tag="100"><subfield code="a">Curie, Madame Pierre</subfield></datafield><datafield ind1="1" ind2="0" tag="245"><subfield code="a">L'isotopie et les elements isotopes</subfield><subfield code="c">Madame pierre curie</subfield></datafield><datafield ind1=" " ind2=" " tag="260"><subfield code="a">Paris</subfield><subfield code="b">Journal De Physique</subfield><subfield code="c">1924</subfield></datafield><datafield ind1=" " ind2=" " tag="300"><subfield code="a">210P</subfield></datafield><datafield ind1=" " ind2=" " tag="490"><subfield code="a">Recueil Des Conferences-rappoets De Documentation Sur La Physique</subfield><subfield code="v">Vol. 9</subfield></datafield><datafield ind1=" " ind2=" " tag="852"><subfield code="a">44554</subfield><subfield code="c">H.H</subfield></datafield><datafield ind1=" " ind2=" " tag="CAT"><subfield code="a">Sys</subfield><subfield code="c">20130411</subfield><subfield code="h">155249</subfield></datafield></record></collection>